\usepackage[style=alphabetic,maxnames=4,minnames=3,maxbibnames=99]{biblatex}
@phdthesis{巩全成,
	author = {巩全成},
	title = {钻柱粘滑振动非线性特征分析与鲁棒控制研究},
	school = {西北工业大学},
	year = {2016}
}    

@phdthesis{付蒙,
	author = {付蒙},
	title = {钻柱系统非线性振动机理分析及控制方法研究},
	school = {西北工业大学},
	year = {2019}
}    
@mastersthesis{吴永强,
	author = {吴永强},
	title = {抑制钻机粘滑振动和钻头反弹的建模与控制},
	school = {西安石油大学},
	year = {2019}
}    
@mastersthesis{许帅,
	author = {许帅},
	title = {钻柱粘滑振动的机理分析及其抑制的研究},
	school = {西安石油大学},
	year = {2020}
}    

@INPROCEEDINGS{8912120,
	author={Zhang, Qizhi and Xv, Shuai},
	booktitle={2019 International Conference on Computer Network, Electronic and Automation (ICCNEA)}, 
	title={Stick-Slip Vibration Suppression of Drill String Based on Fractional Order PID}, 
	year={2019},
	volume={},
	number={},
	pages={468-473},
	keywords={Vibrations;Damping;Torque;Friction;Mathematical model;Low pass filters;Springs;Drill String System;Stick-Slip Vibration;Torsion Model;Fraction-order PID},
	doi={10.1109/ICCNEA.2019.00092}}
	
	@INPROCEEDINGS{chengjun,
		author={Cheng, Jun and Wu, Min and Chen, Luefeng},
		booktitle={2018 37th Chinese Control Conference (CCC)}, 
		title={Observer-Based Tracking Control for Suppressing Stick-Slip Vibration of Drillstring System}, 
		year={2018},
		volume={},
		number={},
		pages={10254-10258},
		keywords={Vibrations;Mathematical model;Observers;Torque;Computational modeling;State feedback;Stick-slip vibration;Multi-DOF model;Tracking control;State observer},
		doi={10.23919/ChiCC.2018.8483801}}
	
